@article{guidice,
   author = {Gian Francesco Guidice},
   title = {NATURALLY SPEAKING: The Naturalness Criterion and Physics at the LHC},
   journal = {In *Kane, Gordon (ed.), Pierce, Aaron (ed.): Perspectives on LHC physics*},
   year = {2008},
   note = {[arXiv:0801.2562v2 [hep-ph]]}
}

@article{higgs,
	author = {Peter W Higgs},
	title = {Broken Symmetries and the Masses of Gauge Bosons},
	journal = {Phys. Rev. Lett.},
	year = {1964},
	pages = {508},
	volume = {13}
}

@article{englert_brout,
	author = {F. Englert and R. Brout},
	title = {Broken Symmetry and the Mass of Gauge Vector Mesons},
	journal = {Phys. Rev. Lett.},
	year = {1964},
	pages = {321},
	volume = {13}
}

@article{djouadi,
   author = {Abdelhak Djouadi},
   title = {The Anatomy of Electro-Weak Symmetry Breaking. I: The Higgs boson in the Standard Model},
   journal = {Phys. Rept.},
   volume = {457},
   year = {2008},
   note = {[arXiv:hep-ph/0503172v2]}
}

@article{burgess,
   author = {C P Burgess},
   title = {Goldstone and pseudoGoldstone bosons in nuclear, particle and condensed matter physics},
   journal = {Phys.Rept.},
   volume = {330},
   year = {2000},
   note = {[arXiv:hep-th/9808176]}
}

@article{goldstone,
   author = {Jeffrey Goldstone and Abdus Salam and Steven Wienberg},
   title = {Broken Symmetries},
   journal = {Phys. Rev.},
   pages = {965},
   volume = {127},
   year = {1962}
}

@article{cmsHiggs,
   author = {Serguei Chatrchyan and others},
   title = {Combined results of searches for the standard model Higgs boson in pp collisions at s√=7 TeV},
   journal = {Phys.Lett. B},
   pages = {26-48},
   volume = {710},
   year = {2012},
   note = {[arXiv:1202.1488 [hep-ex]]}
}

@article{atlasHiggs,
   author = {Georges Aad and others},
   title = {Combined search for the Standard Model Higgs boson using up to 4.9 fb−1 of pp collision data at s√=7 TeV with the ATLAS detector at the LHC},
   journal = {Phys.Lett. B},
   pages = {49-66},
   volume = {710},
   year = {2012},
   note = {[arXiv:1202.1408 [hep-ex]]}
}

@article{hlet_comp,
   author = {M. Gillioza and R. Groeberb and C. Grojean and M. Muehlleitnerb and E. Salvioni},
   title = {Higgs Low-Energy Theorem (and its corrections) in Composite Models},
   journal = {JHEP},
   pages = {004},
   volume = {1210},
   year = {2012},
   note = {[arXiv:1206.7120v2 [hep-ph]]}
}

@misc{contino,
   author = {Roberto Contino},
   title = {The Higgs as a Composite Nambu-Goldstone Boson},
   year = {2010},
   note = {[arXiv:1206.7120v2 [hep-ph]]}
}

@article{kaplan,
   author = {Michael J. Dugan and Howard Georgi and David B. Kaplan},
   title = {Anatomy of a Composite Higgs Model},
   journal = {Nucl.Phys. B},
   pages = {299},
   volume = {254},
   year = {1985}
}

@article{lhr,
   author = {Martin Schmaltz and David Tucker-Smith},
   title = {Little Higgs Review},
   journal = {Ann.Rev.Nucl.Part.Sci.},
   pages = {229-270},
   volume = {55},
   year = {2005}
}

@article{kaplan1,
   author = {David B. Kaplan},
   title = {￼FLAVOR AT SSC ENERGIES: A NEW MECHANISM FOR DYNAMICALLY GENERATED FERMION MASSES},
   journal = {Nucl.Phys. B},
   pages = {259-78},
   volume = {365},
   year = {1991}
}

@article{ltlh,
   author = {Oleksii Matsedonskyi and Giuliano Panico and Andrea Wulzer},
   title = {￼Light Top Partners for a Light Composite Higgs},
   journal = {JHEP},
   pages = {164},
   volume = {1301},
   year = {2013},
   note = {[arXiv:1204.6333v2 [hep-ph]]}
}
@article{atlasExotic,
   author = {Georges Aad and others},
   title = {￼Search for production of vector-like quark pairs and of four top quarks in the lepton-plus-jets final state in pp collisions at s√=8 TeV with the ATLAS detector },
   journal = {JHEP},
   pages = {105},
   volume = {1508},
   year = {2015},
   note = {[arXiv:1505.04306 [hep-ex]]}
}

